@inproceedings{QualitasCorpus:APSEC:2010,
	Author = {Tempero, Ewan and Anslow, Craig and Dietrich, Jens and Han, Ted and Li, Jing and Lumpe, Markus and Melton, Hayden and Noble, James},
	Booktitle = {Asia Pacific Software Engineering Conference},
	Date-Added = {2012-03-18 18:31:23 -0400},
	Date-Modified = {2012-03-18 18:31:23 -0400},
	Title = {Qualitas Corpus: A Curated Collection of {Java} Code for Empirical Studies},
	Year = {2010}}