@comment{x-kbibtex-personnameformatting=<%l><, %f>}

@inproceedings{Amin:2014,
	acmid = {2660216},
	author = {Amin, Nada and Rompf, Tiark and Odersky, Martin},
	booktitle = {{Proceedings of the 2014 ACM International Conference on Object Oriented Programming Systems Languages \& Applications}},
	numpages = {17},
	series = {{OOPSLA '14}},
	title = {{Foundations of Path-dependent Types}},
	year = {2014}
}

@inproceedings{Amin:2012,
	acmid = {2660216},
	author = {Amin, Nada and Moors, Adriaan and Odersky, Martin},
	booktitle = {{19th International Workshop on Foundations of Object-Oriented Languages}},
	numpages = {17},
	series = {{FOOL '12}},
	title = {{Dependent Object Types}},
	year = {2012}
}

@incollection{Ayedemir:2005,
	year={2005},
	isbn={978-3-540-28372-0},
	booktitle={Theorem Proving in Higher Order Logics},
	volume={3603},
	series={Lecture Notes in Computer Science},
	editor={Hurd, Joe and Melham, Tom},
	doi={10.1007/11541868_4},
	title={Mechanized Metatheory for the Masses: The PoplMark Challenge},
	url={http://dx.doi.org/10.1007/11541868_4},
	publisher={Springer Berlin Heidelberg},
	author={Aydemir, BrianE. and Bohannon, Aaron and Fairbairn, Matthew and Foster, 
	J.Nathan and Pierce, BenjaminC. and Sewell, Peter and Vytiniotis, Dimitrios and 
	Washburn, Geoffrey and Weirich, Stephanie and Zdancewic, Steve},
	pages={50-65},
	language={English}
}
