@article{Dybvig:1992:SAS:173617.173620,
 author = {Dybvig, R. Kent and Hieb, Robert and Bruggeman, Carl},
 title = {Syntactic Abstraction in Scheme},
 journal = {Lisp Symb. Comput.},
 issue_date = {Dec. 1992},
 volume = {5},
 number = {4},
 month = dec,
 year = {1992},
 issn = {0892-4635},
 pages = {295--326},
 numpages = {32},
 url = {http://dx.doi.org/10.1007/BF01806308},
 doi = {10.1007/BF01806308},
 acmid = {173620},
 publisher = {Kluwer Academic Publishers},
 address = {Hingham, MA, USA},
} 





