%% This BibTeX bibliography file was created using BibDesk.
%% http://bibdesk.sourceforge.net/


%% Created for Cyrus Omar at 2013-06-03 00:35:34 -0400 


%% Saved with string encoding Unicode (UTF-8) 
@inproceedings{omar2012active,
  title={Active code completion},
  author={Omar, Cyrus and Yoon, YoungSeok and LaToza, Thomas D and Myers, Brad A},
  booktitle={International Conference on Software Engineering},
  year={2012},
}

@inproceedings{bravenboer2005generalized,
  title={Generalized type-based disambiguation of meta programs with concrete object syntax},
  author={Bravenboer, Martin and Vermaas, Rob and Vinju, Jurgen and Visser, Eelco},
  booktitle={Generative Programming and Component Engineering},
  year={2005},
}

@inproceedings{DBLP:conf/scam/ClarkSW08,
  author    = {Tony Clark and
               Paul Sammut and
               James S. Willans},
  title     = {Beyond Annotations: A Proposal for Extensible Java ({XJ})},
  booktitle = {Source Code Analysis and Manipulation},
  year      = {2008},
  ee        = {http://dx.doi.org/10.1109/SCAM.2008.34},
  bibsource = {DBLP, http://dblp.uni-trier.de}
}

@inproceedings{krahn2008monticore,
  title={Monticore: Modular development of textual domain specific languages},
  author={Krahn, Holger and Rumpe, Bernhard and V{\"o}lkel, Steven},
  booktitle={Objects, Components, Models and Patterns},
  year={2008},
}
@phdthesis{van1992pregmatic,
  title={Pregmatic: A Generator for Incremental Programming Environments},
  author={van den Brand, Marinus Gerhardus Josephus},
  year={1992},
  school={Katholieke Universiteit Nijmegen}
}

@inproceedings{rule2013principled,
  title={Principled Parsing for Indentation-Sensitive Languages},
  author={Adams, Michael D},
  booktitle={Principles of Programming Languages},
  year={2013}
}

@book{jones2003haskell,
  title={Haskell 98 language and libraries: the revised report},
  author={Jones, Simon L Peyton},
  year={2003},
  publisher={Cambridge University Press}
}

@book{fowler2010domain,
	Author = {Fowler, M. and Parsons, R.},
	Date-Added = {2013-06-03 04:35:30 +0000},
	Date-Modified = {2013-06-03 04:35:30 +0000},
	Publisher = {Addison-Wesley},
	Title = {Domain-Specific Languages},
	Year = {2010}}

@inproceedings{lee:2012:marco,
	Author = {Byeongcheol Lee and Robert Grimm and Martin Hirzel and Kathryn S. McKinley},
	Booktitle = {ECOOP},
	Pages = {356--382},
	Publisher = {Springer},
	Title = {Marco: Safe, Expressive Macros for Any Language},
	Volume = {LNCS 7313},
	Year = 2012}

@inproceedings{Tatsubori00openjava:a,
	Author = {Michiaki Tatsubori and Shigeru Chiba and M.-O. Killijian and Kozo Itano},
	Booktitle = {Reflection and Software Engineering},
	Title = {{OpenJava: A Class-based Macro System for Java}},
	Year = {2000}}

@misc{srfi-49,
	Author = {Egil M\"{o}ller},
	Howpublished = {\url{http://srfi.schemers.org/srfi-49/srfi-49.html}},
	Title = {{SRFI-49: Indentation-sensitive syntax}},
	Year = {2005}}

@misc{p4p-proposal,
	Author = {Shriram Krishnamurthi},
	Howpublished = {\url{http://shriram.github.com/p4p/}},
	Title = {{P4P: A Syntax Proposal}},
	Year = {2010}}

@misc{sweet-expr,
	Author = {David A. Wheeler},
	Howpublished = {\url{http://readable.sourceforge.net}},
	Title = {{Readable Lisp S-expressions}},
	Year = {2012}}

@misc{f-expr,
	Author = {Manuel Simoni},
	Howpublished = {\url{http://axisofeval.blogspot.com/2011/07/meaning-of-forms.html}},
	Journal = {The Axis of Eval},
	Number = {July 31},
	Title = {{The meaning of forms in Lisp and Kernel}},
	Type = {Blog},
	Year = {2011}}

@manual{camlp4,
	Author = {Daniel de Rauglaudre},
	Howpublished = {\url{http://caml.inria.fr/pub/old_caml_site/camlp4/manual/}},
	Institution = {{Institut National de Recherche en Informatique et Automatique}},
	Title = {{Camlp4 - Reference Manual}},
	Year = {2003}}

@phdthesis{fexprthesis,
	Author = {John N. Shutt},
	Month = {August},
	School = {{Worcester Polytechnic Institute}},
	Title = {{Fexprs as the basis of Lisp function application or \$vau: the ultimate abstraction}},
	Year = {2010}}

@inbook{shellchapter,
	Author = {Brian W. Kernighan and Rob Pike},
	Booktitle = {The UNIX Programming Environment},
	Chapter = {{3. Using the Shell}},
	Publisher = {Prentice Hall},
	Title = {The UNIX Programming Environment},
	Year = 1984}

@manual{coldfusion,
	Howpublished = {\url{http://livedocs.adobe.com/coldfusion/8/htmldocs/help.html?content=Part_3_CFML_Ref_1.html}},
	Organization = {{Adobe Systems Inc.}},
	Title = {{ColdFusion Developer's Guide}}}

@book{sinatra,
	Address = {California},
	Author = {Alan Harris and Konstantin Haase},
	Edition = {1st},
	Month = {November},
	Publisher = {O'Reilly Media},
	Title = {{Sinatra: Up and Running}},
	Year = 2011}

@misc{enso,
	Author = {William R. Cook and Alex Loh and Tijs van der Storm},
	Howpublished = {\url{http://enso-lang.org/}},
	Title = {{Ens\={o}: A self-describing DSL workbench}}}

@inproceedings{KatsVisser2010,
	Author = {Lennart C. L. Kats and Eelco Visser},
	Booktitle = {Object-Oriented Programming Systems, Languages, and Applications},
	Doi = {http://dx.doi.org/10.1145/1869459.1869497},
	Researchr = {http://researchr.org/publication/KatsVisser2010},
	Title = {{The {Spoofax} Language Workbench. {Rules} for Declarative Specification of Languages and {IDEs}}},
	Year = {2010},
	Bdsk-Url-1 = {http://dx.doi.org/10.1145/1869459.1869497}}

@misc{mps,
	Howpublished = {\url{http://www.jetbrains.com/mps/}},
	Organization = {JetBrains},
	Title = {{JetBrains MPS -- Meta Programming System}}}

@misc{idw,
	Howpublished = {\url{http://www.intentsoft.com/intentional-technology/}},
	Organization = {Intentional Software Corp.},
	Title = {{Intentional Domain Workbench}}}

@inproceedings{Palmer:2011:BJM:2048066.2048137,
	Acmid = {2048137},
	Author = {Palmer, Zachary and Smith, Scott F.},
	Booktitle = {Object-Oriented Programming Systems, Languages, and Applications},
	Doi = {10.1145/2048066.2048137},
	Isbn = {978-1-4503-0940-0},
	Keywords = {Java, design patterns, difference-based metaprogramming, macros, metaprogramming, software merging},
	Location = {Portland, Oregon, USA},
	Numpages = {20},
	Title = {{Backstage Java: Making a Difference in Metaprogramming}},
	Url = {http://doi.acm.org/10.1145/2048066.2048137},
	Year = {2011},
	Bdsk-Url-1 = {http://doi.acm.org/10.1145/2048066.2048137},
	Bdsk-Url-2 = {http://dx.doi.org/10.1145/2048066.2048137}}

@inproceedings{Erdweg:2011:SLL:2048147.2048199,
	Acmid = {2048199},
	Author = {Erdweg, Sebastian and Rendel, Tillmann and K\"{a}stner, Christian and Ostermann, Klaus},
	Booktitle = {Object-Oriented Programming Systems, Languages, and Applications},
	Doi = {10.1145/2048147.2048199},
	Isbn = {978-1-4503-0942-4},
	Keywords = {dsl embedding, language extensibility, language workbench, library},
	Location = {Portland, Oregon, USA},
	Numpages = {2},
	Title = {{SugarJ}: library-based language extensibility},
	Url = {http://doi.acm.org/10.1145/2048147.2048199},
	Year = {2011},
	Bdsk-Url-1 = {http://doi.acm.org/10.1145/2048147.2048199},
	Bdsk-Url-2 = {http://dx.doi.org/10.1145/2048147.2048199}}

@misc{mslinq,
	Howpublished = {\url{http://msdn.microsoft.com/en-us/library/vstudio/bb397926.aspx}},
	Organization = {MicroSoft},
	Title = {{LINQ (Language-Integrated Query)}}}

@book{smalltalk,
 author = {Goldberg, Adele and Robson, David},
 title = {Smalltalk-80: the language and its implementation},
 year = {1983},
 isbn = {0-201-11371-6},
 publisher = {Addison-Wesley},
} 

@inproceedings{Erdweg:2013:FEL:2517208.2517210,
 author = {Erdweg, Sebastian and Rieger, Felix},
 title = {A Framework for Extensible Languages},
 booktitle = {Proceedings of the 12th International Conference on Generative Programming: Concepts \&\#38; Experiences},
 series = {GPCE '13},
 year = {2013},
 isbn = {978-1-4503-2373-4},
 location = {Indianapolis, Indiana, USA},
 pages = {3--12},
 numpages = {10},
 url = {http://doi.acm.org/10.1145/2517208.2517210},
 doi = {10.1145/2517208.2517210},
 acmid = {2517210},
 publisher = {ACM},
 address = {New York, NY, USA},
 keywords = {compiler framework, macros, module system, sugarj, syntactic extensibility},
} 

@inproceedings{Tratt:2005:CMD:1146841.1146846,
 author = {Tratt, Laurence},
 title = {Compile-time Meta-programming in a Dynamically Typed OO Language},
 booktitle = {Proceedings of the 2005 Symposium on Dynamic Languages},
 series = {DLS '05},
 year = {2005},
 location = {San Diego, California},
 pages = {49--63},
 numpages = {15},
 url = {http://doi.acm.org/10.1145/1146841.1146846},
 doi = {10.1145/1146841.1146846},
 acmid = {1146846},
 publisher = {ACM},
 address = {New York, NY, USA},
} 

@inproceedings{Diekmann:2013,
 author = {Diekmann, Lukas and Tratt, Laurence},
 title = {Parsing Composed Grammars with Language Boxes},
 booktitle = {Workshop on Scalable Language Specification},
 year = {2013},
 location = {Indianapolis, Indiana},
} 

@inproceedings{Bravenboer:2007:PIA:1289971.1289975,
 author = {Bravenboer, Martin and Dolstra, Eelco and Visser, Eelco},
 title = {Preventing Injection Attacks with Syntax Embeddings},
 booktitle = {Proceedings of the 6th International Conference on Generative Programming and Component Engineering},
 series = {GPCE '07},
 year = {2007},
 isbn = {978-1-59593-855-8},
 location = {Salzburg, Austria},
 pages = {3--12},
 numpages = {10},
 url = {http://doi.acm.org/10.1145/1289971.1289975},
 doi = {10.1145/1289971.1289975},
 acmid = {1289975},
 publisher = {ACM},
 address = {New York, NY, USA},
 keywords = {injection attacks, stringborg, syntax embedding},
}

@inproceedings{Adams:2013:PPI:2429069.2429129,
 author = {Adams, Michael D.},
 title = {Principled Parsing for Indentation-sensitive Languages: Revisiting Landin's Offside Rule},
 booktitle = {Proceedings of the 40th Annual ACM SIGPLAN-SIGACT Symposium on Principles of Programming Languages},
 series = {POPL '13},
 year = {2013},
 isbn = {978-1-4503-1832-7},
 location = {Rome, Italy},
 pages = {511--522},
 numpages = {12},
 url = {http://doi.acm.org/10.1145/2429069.2429129},
 doi = {10.1145/2429069.2429129},
 acmid = {2429129},
 publisher = {ACM},
 address = {New York, NY, USA},
 keywords = {indentation, offside rule, parsing},
} 

@inproceedings{Lovas08abidirectional,
    author = {William Lovas and Frank Pfenning},
    title = {A bidirectional refinement type system for LF},
    booktitle = {Electronic Notes in Theoretical Computer Science, 196:113–128, January 2008. [NPP07] [Pfe92] [Pfe93] [Pfe01] Aleksandar Nanevski, Frank Pfenning, and Brigitte},
    year = {2008}
}

@misc{Csharp,
	Howpublished = {\url{http://msdn.microsoft.com/en-us/library/bb397951.aspx}},
	Title = {{Expression Trees (C\# and Visual Basic)}},
}

@inproceedings{DBLP:conf/esop/HermanW08,
  author    = {David Herman and
               Mitchell Wand},
  title     = {A Theory of Hygienic Macros},
  booktitle = {ESOP},
  year      = {2008},
  pages     = {48-62},
  ee        = {http://dx.doi.org/10.1007/978-3-540-78739-6_4},
  crossref  = {DBLP:conf/esop/2008},
  bibsource = {DBLP, http://dblp.uni-trier.de}
}

@inproceedings{DBLP:conf/sle/KrishnanW12,
  author    = {Lijesh Krishnan and
               Eric Van Wyk},
  title     = {Termination Analysis for Higher-Order Attribute Grammars},
  booktitle = {SLE},
  year      = {2012},
  pages     = {44-63},
  ee        = {http://dx.doi.org/10.1007/978-3-642-36089-3_4},
  crossref  = {DBLP:conf/sle/2012},
  bibsource = {DBLP, http://dblp.uni-trier.de}
}

@incollection{safecompositionvanwyk,
year={2010},
isbn={978-3-642-12106-7},
booktitle={Software Language Engineering},
volume={5969},
series={Lecture Notes in Computer Science},
editor={Brand, Mark and Gašević, Dragan and Gray, Jeff},
doi={10.1007/978-3-642-12107-4_15},
title={Verifiable Parse Table Composition for Deterministic Parsing},
url={http://dx.doi.org/10.1007/978-3-642-12107-4_15},
publisher={Springer Berlin Heidelberg},
author={Schwerdfeger, August and Wyk, Eric},
pages={184-203}
}

