@book{Stoy:1977:DSS:540155,
 author = {Stoy, Joseph E.},
 title = {Denotational Semantics: The Scott-Strachey Approach to Programming Language Theory},
 year = {1977},
 isbn = {0262191474},
 publisher = {MIT Press},
 address = {Cambridge, MA, USA},
}
