@article{Dunfield:2013:CEB:2544174.2500582,
 author = {Dunfield, Joshua and Krishnaswami, Neelakantan R.},
 title = {Complete and Easy Bidirectional Typechecking for Higher-rank Polymorphism},
 journal = {SIGPLAN Not.},
 issue_date = {September 2013},
 volume = {48},
 number = {9},
 month = sep,
 year = {2013},
 issn = {0362-1340},
 pages = {429--442},
 numpages = {14},
 url = {http://doi.acm.org/10.1145/2544174.2500582},
 doi = {10.1145/2544174.2500582},
 acmid = {2500582},
 publisher = {ACM},
 address = {New York, NY, USA},
 keywords = {bidirectional typechecking, higher-rank polymorphism},
} 
@inproceedings{Dunfield:2013:CEB:2500365.2500582,
 author = {Dunfield, Joshua and Krishnaswami, Neelakantan R.},
 title = {Complete and Easy Bidirectional Typechecking for Higher-rank Polymorphism},
 booktitle = {Proceedings of the 18th ACM SIGPLAN International Conference on Functional Programming},
 series = {ICFP '13},
 year = {2013},
 isbn = {978-1-4503-2326-0},
 location = {Boston, Massachusetts, USA},
 pages = {429--442},
 numpages = {14},
 url = {http://doi.acm.org/10.1145/2500365.2500582},
 doi = {10.1145/2500365.2500582},
 acmid = {2500582},
 publisher = {ACM},
 address = {New York, NY, USA},
 keywords = {bidirectional typechecking, higher-rank polymorphism},
} 
@article{Pierce:2000:LTI:345099.345100,
 author = {Pierce, Benjamin C. and Turner, David N.},
 title = {Local Type Inference},
 journal = {ACM Trans. Program. Lang. Syst.},
 issue_date = {Jan. 2000},
 volume = {22},
 number = {1},
 month = jan,
 year = {2000},
 issn = {0164-0925},
 pages = {1--44},
 numpages = {44},
 url = {http://doi.acm.org/10.1145/345099.345100},
 doi = {10.1145/345099.345100},
 acmid = {345100},
 publisher = {ACM},
 address = {New York, NY, USA},
 keywords = {polymorphism, subtyping, type inference},
} 
@ARTICLE{Coquand96analgorithm,
    author = {Thierry Coquand},
    title = {An Algorithm for Type-Checking Dependent Types},
    journal = {Science of Computer Programming},
    year = {1996},
    volume = {26},
    pages = {167--177}
}
@article{odersky2001colored,
  title={Colored local type inference},
  author={Odersky, Martin and Zenger, Christoph and Zenger, Matthias},
  journal={ACM SIGPLAN Notices},
  volume={36},
  number={3},
  pages={41--53},
  year={2001},
  publisher={ACM}
}
@InProceedings{Dunfield09:polymorphism,
    author =    {Joshua Dunfield},
    title =     {Greedy Bidirectional Polymorphism},
    booktitle = {ML Workshop (ML '09)},
    pages =     {15--26},
    month =     aug,
    year =      2009,
    note =      {http://www.cs.cmu.edu/~joshuad/papers/poly/}
  }
