%% This BibTeX bibliography file was created using BibDesk.
%% http://bibdesk.sourceforge.net/


%% Created for Cyrus Omar at 2014-07-25 19:49:11 -0400 


%% Saved with string encoding Unicode (UTF-8) 



@inproceedings{TSLs,
	Author = {Omar, Cyrus and Kurilova, Darya and Nistor, Ligia and Chung, Benjamin and Potanin, Alex and Aldrich, Jonathan},
	Booktitle = {ECOOP},
	Date-Added = {2014-07-25 23:49:11 +0000},
	Date-Modified = {2014-07-25 23:49:11 +0000},
	Title = {Safely Composable Type-Specific Languages},
	Year = {2014},
	Bdsk-Url-1 = {http://doi.acm.org/10.1145/2509136.2509515},
	Bdsk-Url-2 = {http://dx.doi.org/10.1145/2509136.2509515}}

@inproceedings{QualitasCorpus:APSEC:2010,
	Author = {Tempero, Ewan and Anslow, Craig and Dietrich, Jens and Han, Ted and Li, Jing and Lumpe, Markus and Melton, Hayden and Noble, James},
	Booktitle = {Asia Pacific Software Engineering Conference},
	Date-Added = {2012-03-18 18:31:23 -0400},
	Date-Modified = {2012-03-18 18:31:23 -0400},
	Title = {Qualitas Corpus: A Curated Collection of {Java} Code for Empirical Studies},
	Year = {2010}}
