%% This BibTeX bibliography file was created using BibDesk.
%% http://bibdesk.sourceforge.net/


%% Created for Cyrus Omar at 2014-07-25 19:49:11 -0400 


%% Saved with string encoding Unicode (UTF-8) 



@inproceedings{TSLs,
	Author = {Omar, Cyrus and Kurilova, Darya and Nistor, Ligia and Chung, Benjamin and Potanin, Alex and Aldrich, Jonathan},
	Booktitle = {ECOOP},
	Date-Added = {2014-07-25 23:49:11 +0000},
	Date-Modified = {2014-07-25 23:49:11 +0000},
	Title = {Safely Composable Type-Specific Languages},
	Year = {2014},
	Bdsk-Url-1 = {http://doi.acm.org/10.1145/2509136.2509515},
	Bdsk-Url-2 = {http://dx.doi.org/10.1145/2509136.2509515}}

@inproceedings{ScalaMacros2013,
	Address = {New York, NY, USA},
	Articleno = {3},
	Author = {Burmako, Eugene},
	Booktitle = {Proceedings of the 4th Workshop on Scala},
	Date-Modified = {2014-04-14 03:22:57 +0000},
	Location = {Montpellier, France},
	Publisher = {ACM},
	Series = {SCALA '13},
	Title = {{Scala Macros: Let Our Powers Combine!: On How Rich Syntax and Static Types Work with Metaprogramming}},
	Year = {2013}}