@inproceedings{Maffeis:2010,
 author = {Maffeis, Sergio and Mitchell, John C. and Taly, Ankur},
 title = {Object Capabilities and Isolation of Untrusted Web Applications},
 booktitle = {Proceedings of the 2010 IEEE Symposium on Security and Privacy},
 series = {SP'10},
 year = {2010},
 isbn = {978-0-7695-4035-1},
 pages = {125--140},
 numpages = {16},
 url = {http://dx.doi.org/10.1109/SP.2010.16},
 doi = {10.1109/SP.2010.16},
 acmid = {1849970},
 publisher = {IEEE Computer Society},
 address = {Washington, DC, USA},
 keywords = {Language-based Security, Capabilities, Operational Semantics, JavaScript},
}
}}
