% Type Parameters
@book{Gosling:2014:JLS:2636997,
 author = {Gosling, James and Joy, Bill and Steele, Guy L. and Bracha, Gilad and Buckley, Alex},
 title = {The Java Language Specification, Java SE 8 Edition},
 year = {2014},
 isbn = {013390069X, 9780133900699},
 edition = {1st},
 publisher = {Addison-Wesley Professional},
} 

@book{Hejlsberg:2010:CPL:1951915,
 author = {Hejlsberg, Anders and Torgersen, Mads and Wiltamuth, Scott and Golde, Peter},
 title = {C\# Programming Language},
 year = {2010},
 isbn = {0321741765, 9780321741769},
 edition = {4th},
 publisher = {Addison-Wesley Professional},
} 

@book{Stroustrup:2000:CPL:518791,
 author = {Stroustrup, Bjarne},
 title = {The  C++ Programming Language},
 year = {2000},
 isbn = {0201700735},
 edition = {3rd},
 publisher = {Addison-Wesley Longman Publishing Co., Inc.},
 address = {Boston, MA, USA},
} 

@inproceedings{Canning:1989:FPO:99370.99392,
 author = {Canning, Peter and Cook, William and Hill, Walter and Olthoff, Walter and Mitchell, John C.},
 title = {F-bounded Polymorphism for Object-oriented Programming},
 booktitle = {Proceedings of the Fourth International Conference on Functional Programming Languages and Computer Architecture},
 series = {FPCA '89},
 year = {1989},
 isbn = {0-89791-328-0},
 location = {Imperial College, London, United Kingdom},
 pages = {273--280},
 numpages = {8},
 url = {http://doi.acm.org/10.1145/99370.99392},
 doi = {10.1145/99370.99392},
 acmid = {99392},
 publisher = {ACM},
 address = {New York, NY, USA},
} 

% Type Members

@Inbook{Igarashi1999,
author="Igarashi, Atsushi
and Pierce, Benjamin C.",
editor="Guerraoui, Rachid",
chapter="Foundations for Virtual Types",
title="ECOOP' 99 --- Object-Oriented Programming: 13th European Conference Lisbon, Portugal, June 14--18, 1999 Proceedings",
year="1999",
publisher="Springer Berlin Heidelberg",
address="Berlin, Heidelberg",
pages="161--185",
isbn="978-3-540-48743-2",
doi="10.1007/3-540-48743-3_8",
url="http://dx.doi.org/10.1007/3-540-48743-3_8"
}

@misc{scaladocs2016,
  title = {Abstract Types - Scala Documentation},
  howpublished = {\url{http://docs.scala-lang.org/tutorials/tour/abstract-types.html}},
  note = {Accessed: 2016-01-28}
}

@INPROCEEDINGS{Thorup97genericityin,
    author = {Kresten Krab Thorup},
    title = {Genericity in Java with Virtual Types},
    booktitle = {In Proceedings ECOOP â€™97},
    year = {1997},
    pages = {444--471},
    publisher = {Springer-Verlag}
}

@inproceedings{Bruce:1998:SSA:646155.679691,
 author = {Bruce, Kim B. and Odersky, Martin and Wadler, Philip},
 title = {A Statically Safe Alternative to Virtual Types},
 booktitle = {Proceedings of the 12th European Conference on Object-Oriented Programming},
 series = {ECCOP '98},
 year = {1998},
 isbn = {3-540-64737-6},
 pages = {523--549},
 numpages = {27},
 url = {http://dl.acm.org/citation.cfm?id=646155.679691},
 acmid = {679691},
 publisher = {Springer-Verlag},
 address = {London, UK, UK},
} 

% Scala Stuff
@inproceedings{Madsen:1989:VCP:74877.74919,
 author = {Madsen, O. L. and Moller-Pedersen, B.},
 title = {Virtual Classes: A Powerful Mechanism in Object-oriented Programming},
 booktitle = {Conference Proceedings on Object-oriented Programming Systems, Languages and Applications},
 series = {OOPSLA '89},
 year = {1989},
 isbn = {0-89791-333-7},
 location = {New Orleans, Louisiana, USA},
 pages = {397--406},
 numpages = {10},
 url = {http://doi.acm.org/10.1145/74877.74919},
 doi = {10.1145/74877.74919},
 acmid = {74919},
 publisher = {ACM},
 address = {New York, NY, USA},
} 

@Inbook{Odersky2003,
author="Odersky, Martin
and Cremet, Vincent
and R{\"o}ckl, Christine
and Zenger, Matthias",
editor="Cardelli, Luca",
chapter="A Nominal Theory of Objects with Dependent Types",
title="ECOOP 2003 -- Object-Oriented Programming: 17th European Conference, Darmstadt, Germany, July 21-25, 2003. Proceedings",
year="2003",
publisher="Springer Berlin Heidelberg",
address="Berlin, Heidelberg",
pages="201--224",
isbn="978-3-540-45070-2",
doi="10.1007/978-3-540-45070-2_10",
url="http://dx.doi.org/10.1007/978-3-540-45070-2_10"
}

@inproceedings{Amin:2014:FPT:2660193.2660216,
 author = {Amin, Nada and Rompf, Tiark and Odersky, Martin},
 title = {Foundations of Path-dependent Types},
 booktitle = {Proceedings of the 2014 ACM International Conference on Object Oriented Programming Systems Languages \& Applications},
 series = {OOPSLA '14},
 year = {2014},
 isbn = {978-1-4503-2585-1},
 location = {Portland, Oregon, USA},
 pages = {233--249},
 numpages = {17},
 url = {http://doi.acm.org/10.1145/2660193.2660216},
 doi = {10.1145/2660193.2660216},
 acmid = {2660216},
 publisher = {ACM},
 address = {New York, NY, USA},
 keywords = {calculus, dependent types, objects},
} 

@inproceedings{amin:fool:2012,
 author = {Amin, Nada and Moors, Adriaan and Odersky, Martin},
 title = {Dependent Object Types},
 booktitle = {Foundations of Object Oriented Languages 2012},
 series = {FOOL '12},
 year = {2012},
} 

% Wyvern

@inproceedings{Nistor:2013:WST:2489828.2489830,
 author = {Nistor, Ligia and Kurilova, Darya and Balzer, Stephanie and Chung, Benjamin and Potanin, Alex and Aldrich, Jonathan},
 title = {Wyvern: A Simple, Typed, and Pure Object-oriented Language},
 booktitle = {Proceedings of the 5th Workshop on MechAnisms for SPEcialization, Generalization and inHerItance},
 series = {MASPEGHI '13},
 year = {2013},
 isbn = {978-1-4503-2046-7},
 location = {Montpellier, France},
 pages = {9--16},
 numpages = {8},
 url = {http://doi.acm.org/10.1145/2489828.2489830},
 doi = {10.1145/2489828.2489830},
 acmid = {2489830},
 publisher = {ACM},
 address = {New York, NY, USA},
 keywords = {first-class classes, object-oriented, static type checking},
} 

@Inbook{Omar2014,
author="Omar, Cyrus
and Kurilova, Darya
and Nistor, Ligia
and Chung, Benjamin
and Potanin, Alex
and Aldrich, Jonathan",
editor="Jones, Richard",
chapter="Safely Composable Type-Specific Languages",
title="ECOOP 2014 -- Object-Oriented Programming: 28th European Conference, Uppsala, Sweden, July 28 -- August 1, 2014. Proceedings",
year="2014",
publisher="Springer Berlin Heidelberg",
address="Berlin, Heidelberg",
pages="105--130",
isbn="978-3-662-44202-9",
doi="10.1007/978-3-662-44202-9_5",
url="http://dx.doi.org/10.1007/978-3-662-44202-9_5"
}







