@inproceedings{Livshits:2013,
 author = {Livshits, Benjamin and Chong, Stephen},
 title = {Towards Fully Automatic Placement of Security Sanitizers and Declassifiers},
 booktitle = {Proceedings of the 40th Annual ACM SIGPLAN-SIGACT Symposium on Principles of Programming Languages},
 series = {POPL '13},
 year = {2013},
 isbn = {978-1-4503-1832-7},
 location = {Rome, Italy},
 pages = {385--398},
 numpages = {14},
 url = {http://doi.acm.org/10.1145/2429069.2429115},
 doi = {10.1145/2429069.2429115},
 acmid = {2429115},
 publisher = {ACM},
 address = {New York, NY, USA},
 keywords = {security analysis, vulnerability prevention},
} 

@inproceedings{Samuel:2011,
 author = {Samuel, Mike and Saxena, Prateek and Song, Dawn},
 title = {Context-sensitive Auto-sanitization in Web Templating Languages Using Type Qualifiers},
 booktitle = {Proceedings of the 18th ACM Conference on Computer and Communications Security},
 series = {CCS '11},
 year = {2011},
 isbn = {978-1-4503-0948-6},
 location = {Chicago, Illinois, USA},
 pages = {587--600},
 numpages = {14},
 url = {http://doi.acm.org/10.1145/2046707.2046775},
 doi = {10.1145/2046707.2046775},
 acmid = {2046775},
 publisher = {ACM},
 address = {New York, NY, USA},
 keywords = {cross-site scripting, type systems, web frameworks},
} 

@inproceedings{Doupe:2013,
 author = {Doup{\'e}, Adam and Cui, Weidong and Jakubowski, Mariusz H. and Peinado, Marcus and Kruegel, Christopher and Vigna, Giovanni},
 title = {deDacota: toward preventing server-side XSS via automatic code and data separation},
 booktitle = {Proceedings of the 2013 ACM SIGSAC conference on Computer \&\#38; communications security},
 series = {CCS '13},
 year = {2013},
 isbn = {978-1-4503-2477-9},
 location = {Berlin, Germany},
 pages = {1205--1216},
 numpages = {12},
 url = {http://doi.acm.org/10.1145/2508859.2516708},
 doi = {10.1145/2508859.2516708},
 acmid = {2516708},
 publisher = {ACM},
 address = {New York, NY, USA},
 keywords = {code and data separation, content security policy, cross-site scripting, csp, xss},
} 

@inproceedings{validationbypass1,
 author = {Bates, Daniel and Barth, Adam and Jackson, Collin},
 title = {Regular expressions considered harmful in client-side XSS filters},
 booktitle = {Proceedings of the 19th international conference on World wide web},
 series = {WWW '10},
 year = {2010},
 isbn = {978-1-60558-799-8},
 location = {Raleigh, North Carolina, USA},
 pages = {91--100},
 numpages = {10},
 url = {http://doi.acm.org/10.1145/1772690.1772701},
 doi = {10.1145/1772690.1772701},
 acmid = {1772701},
 publisher = {ACM},
 address = {New York, NY, USA},
 keywords = {XSS, browser, cross-site scripting, filter, web},
} 

 @inproceedings{validationbypass2,
 author = {Scholte, Theodoor and Balzarotti, Davide and Kirda, Engin},
 title = {Quo vadis? a study of the evolution of input validation vulnerabilities in web applications},
 booktitle = {Proceedings of the 15th international conference on Financial Cryptography and Data Security},
 series = {FC'11},
 year = {2012},
 isbn = {978-3-642-27575-3},
 location = {Gros Islet, St. Lucia},
 pages = {284--298},
 numpages = {15},
 url = {http://dx.doi.org/10.1007/978-3-642-27576-0_24},
 doi = {10.1007/978-3-642-27576-0_24},
 acmid = {2186408},
 publisher = {Springer-Verlag},
 address = {Berlin, Heidelberg},
} 

@inproceedings{wasp,
  author = {William G. J. Halfond and Alessandro Orso and Panagiotis Manolios},
  title = {Using positive tainting and syntax-aware evaluation to counter SQL injection attacks},
  booktitle = {SIGSOFT FSE},
  year = {2006},
  pages = {175-185},
  ee = {http://doi.acm.org/10.1145/1181775.1181797},
  bibsource = {DBLP, http://dblp.uni-trier.de}
}

@inproceedings{Lekies:2012:FLC:2372399.2372407,
 author = {Lekies, Sebastian and Heiderich, Mario and Appelt, Dennis and Holz, Thorsten and Johns, Martin},
 title = {On the fragility and limitations of current browser-provided clickjacking protection schemes},
 booktitle = {Proceedings of the 6th USENIX conference on Offensive Technologies},
 series = {WOOT'12},
 year = {2012},
 location = {Bellevue, WA},
 pages = {6--6},
 numpages = {1},
 url = {http://dl.acm.org/citation.cfm?id=2372399.2372407},
 acmid = {2372407},
 publisher = {USENIX Association},
 address = {Berkeley, CA, USA},
} 

@inproceedings{Ur/Web,
 author = {Chlipala, Adam},
 title = {Ur: statically-typed metaprogramming with type-level record computation},
 booktitle = {Proceedings of the 2010 ACM SIGPLAN conference on Programming language design and implementation},
 series = {PLDI '10},
 year = {2010},
 isbn = {978-1-4503-0019-3},
 location = {Toronto, Ontario, Canada},
 pages = {122--133},
 numpages = {12},
 url = {http://doi.acm.org/10.1145/1806596.1806612},
 doi = {10.1145/1806596.1806612},
 acmid = {1806612},
 publisher = {ACM},
 address = {New York, NY, USA},
 keywords = {dependent types, metaprogramming},
} 

@inproceedings{urOSDI,
 author = {Chlipala, Adam},
 title = {Static checking of dynamically-varying security policies in database-backed applications},
 booktitle = {Proceedings of the 9th USENIX conference on Operating systems design and implementation},
 series = {OSDI'10},
 year = {2010},
 location = {Vancouver, BC, Canada},
 pages = {1--},
 url = {http://dl.acm.org/citation.cfm?id=1924943.1924951},
 acmid = {1924951},
 publisher = {USENIX Association},
 address = {Berkeley, CA, USA},
} 

@inproceedings{swift,
 author = {Chong, Stephen and Liu, Jed and Myers, Andrew C. and Qi, Xin and Vikram, K. and Zheng, Lantian and Zheng, Xin},
 title = {Secure web applications via automatic partitioning},
 booktitle = {Proceedings of twenty-first ACM SIGOPS symposium on Operating systems principles},
 series = {SOSP '07},
 year = {2007},
 isbn = {978-1-59593-591-5},
 location = {Stevenson, Washington, USA},
 pages = {31--44},
 numpages = {14},
 url = {http://doi.acm.org/10.1145/1294261.1294265},
 doi = {10.1145/1294261.1294265},
 acmid = {1294265},
 publisher = {ACM},
 address = {New York, NY, USA},
 keywords = {compilers, information flow, security policies},
} 

@inproceedings{dytan,
  author =       {J. Clause and W. Li and A. Orso},
  title =        {{Dytan: A Generic Dynamic Taint Analysis Framework}},
  booktitle =    {Proceedings of the International Symposium on Software Testing and Analysis (ISSTA 2007)},
  pages =        {196--206},
  address =      {London, UK},
  month =        {July},
  year =         {2007},
}

@inproceedings{ASE,
  author =       {J. Clause and I. Doudalis and A. Orso and M. Prvulovic},
  title =        {{Effective Memory Protection Using Dynamic Tainting}},
  booktitle =    {Proceedings of the 22nd IEEE and ACM SIGSOFT International Conference on Automated Software Engineering (ASE 2007)},
  pages =        {283--292},
  address =      {Atlanta, GA, USA},
  month =        {November},
  year =         {2007},
}

@inproceedings{PLAS12,
 author = {Hussein, Soha and Meredith, Patrick and Ro\c{s}lu, Grigore},
 title = {Security-policy monitoring and enforcement with JavaMOP},
 booktitle = {Proceedings of the 7th Workshop on Programming Languages and Analysis for Security},
 series = {PLAS '12},
 year = {2012},
 isbn = {978-1-4503-1441-1},
 location = {Beijing, China},
 pages = {3:1--3:11},
 articleno = {3},
 numpages = {11},
 url = {http://doi.acm.org/10.1145/2336717.2336720},
 doi = {10.1145/2336717.2336720},
 acmid = {2336720},
 publisher = {ACM},
 address = {New York, NY, USA},
} 



@INPROCEEDINGS{corcoran09selinks,
  AUTHOR = {Brian J. Corcoran and Nikhil Swamy and Michael Hicks},
  TITLE = {Cross-tier, Labeld-based Secuirty Enforcement for Web Applications},
  BOOKTITLE = {Proceedings of the {ACM SIGMOD} International Conference on Management of Data},
  MONTH = JUNE,
  YEAR = 2009,
}

@INPROCEEDINGS{swamy08fable,
  AUTHOR = {Nikhil Swamy and Brian J. Corcoran and Michael Hicks},
  TITLE = {Fable: A Language for Enforcing User-defined Security Policies},
  BOOKTITLE = {Proceedings of the {IEEE} Symposium on Security and Privacy (Oakland)},
  MONTH = MAY,
  YEAR = 2008,
}


@misc{owasp,
title = {{OWASP} {T}op {T}en {P}roject},
howpublished = "\url{https://www.owasp.org/index.php/Category:OWASPTopTenProject}"
}

@misc{opalang,
title = {The {O}pa {F}ramework for {J}ava{S}cript},
howpublished = "\url{http://opalang.org}"
}

@misc{perl,
title = {perldoc.perl.org - {O}fficial documentation for the {P}erl programming language},
note = {perlsec - {P}erl security},
howpublished = "\url{http://perldoc.perl.org/perlsec.html}"
}

@book{ruby,
author = "Thomas, Dave and Fowler, Chad and Hunt, Andy",
title= {Programming Ruby - The Pragmatic Programmer's Guide},
edition = "Second",
publisher = "Addison Wesley Longman, Inc.",
year = 2004
}

@misc{heisedev,
title = {Auch {O}pa ist f\"ur {C}loud-{A}nwendungen},
journal = {heise {D}eveloper},
howpublished = "\url{http://www.heise.de/developer/meldung/Auch-Opa-ist-fuer-Cloud-Anwendungen-1288588.html}",
year = {2011}
}

@misc{josetteorama,
title = {Opa: web programming done right},
author = "Binsztok, Henri",
journal = {josetteorama - {M}usings of {J}osette {G}arcia},
howpublished = "\url{http://www.josetteorama.com/opa-web-programming-done-right-2/}",
month = oct,
year = {2011}
}

@misc{sitepoint,
title = {How {O}pa is {C}hanging {D}evelopment in the {C}loud},
author = "Shafer, Eric",
journal = {Site{P}oint},
howpublished = "\url{http://www.sitepoint.com/how-opa-is-changing-development-in-the-cloud/}",
month = jul,
year = {2012}
}

@article{fortify,
 author = {Chess, Brian and West, Jacob},
 title = {Dynamic taint propagation: Finding vulnerabilities without attacking},
 journal = {Inf. Secur. Tech. Rep.},
 issue_date = {January, 2008},
 volume = {13},
 number = {1},
 month = jan,
 year = {2008},
 issn = {1363-4127},
 pages = {33--39},
 numpages = {7},
 url = {http://dx.doi.org/10.1016/j.istr.2008.02.003},
 doi = {10.1016/j.istr.2008.02.003},
 acmid = {1371501},
 publisher = {Elsevier Advanced Technology Publications},
 address = {Oxford, UK, UK},
 keywords = {Quality assurance, Security, Software, Taint propagation, Vulnerability detection},
} 

@misc{sqlmap,
title = {sqlmap},
howpublished = "\url{http://sqlmap.org/}"
}

@misc{cwsans,
title = {{CWE/SANS}},
howpublished = "\url{http://cwe.mitre.org/top25/#Listing}"
}

@misc{validationexploit1,
title = {Validation exploit 1},
howpublished = "\url{http://www.nirgoldshlager.com/2013/01/another-stored-xss-in-facebookcom.html}"
}

@misc{validationexploit2,
title = {Validation exploit 2},
howpublished = "\url{http://thenextweb.com/google/2012/11/14/security-hole-potentially-allows-hackers-to-create\\-phishing-site-hosted-on-google-com/}"
}

@misc{validationexploit3,
title = {Validation exploit 3},
howpublished = "\url{http://www.xssed.com/}"
}

@misc{blogger,
title = {Blogger},
howpublished = "\url{http://www.blogger.com/}"
}

@inproceedings{framebusting1,
 author = {Huang, Lin-Shung and Moshchuk, Alex and Wang, Helen J. and Schechter, Stuart and Jackson, Collin},
 title = {Clickjacking: attacks and defenses},
 booktitle = {Proceedings of the 21st USENIX conference on Security symposium},
 series = {Security'12},
 year = {2012},
 location = {Bellevue, WA},
 pages = {22--22},
 numpages = {1},
 url = {http://dl.acm.org/citation.cfm?id=2362793.2362815},
 acmid = {2362815},
 publisher = {USENIX Association},
 address = {Berkeley, CA, USA},
}

@inproceedings{framebusting2,
 author = {Lekies, Sebastian and Heiderich, Mario and Appelt, Dennis and Holz, Thorsten and Johns, Martin},
 title = {On the fragility and limitations of current browser-provided clickjacking protection schemes},
 booktitle = {Proceedings of the 6th USENIX conference on Offensive Technologies},
 series = {WOOT'12},
 year = {2012},
 location = {Bellevue, WA},
 pages = {6--6},
 numpages = {1},
 url = {http://dl.acm.org/citation.cfm?id=2372399.2372407},
 acmid = {2372407},
 publisher = {USENIX Association},
 address = {Berkeley, CA, USA},
}


@incollection{historyhack,
year={2010},
isbn={978-3-642-14526-1},
booktitle={Privacy Enhancing Technologies},
volume={6205},
series={Lecture Notes in Computer Science},
editor={Atallah, MikhailJ. and Hopper, NicholasJ.},
doi={10.1007/978-3-642-14527-8_1},
title={How Unique Is Your Web Browser?},
url={http://dx.doi.org/10.1007/978-3-642-14527-8_1},
publisher={Springer Berlin Heidelberg},
author={Eckersley, Peter},
pages={1-18}
}

@inproceedings{scriptgard,
 author = {Saxena, Prateek and Molnar, David and Livshits, Benjamin},
 title = {SCRIPTGARD: automatic context-sensitive sanitization for large-scale legacy web applications},
 booktitle = {Proceedings of the 18th ACM conference on Computer and communications security},
 series = {CCS '11},
 year = {2011},
 isbn = {978-1-4503-0948-6},
 location = {Chicago, Illinois, USA},
 pages = {601--614},
 numpages = {14},
 url = {http://doi.acm.org/10.1145/2046707.2046776},
 doi = {10.1145/2046707.2046776},
 acmid = {2046776},
 publisher = {ACM},
 address = {New York, NY, USA},
 keywords = {cross-site scripting, runtime analysis, web applications},
}

@inproceedings{static_taint_taj,
 author = {Tripp, Omer and Pistoia, Marco and Fink, Stephen J. and Sridharan, Manu and Weisman, Omri},
 title = {TAJ: effective taint analysis of web applications},
 booktitle = {Proceedings of the 2009 ACM SIGPLAN conference on Programming language design and implementation},
 series = {PLDI '09},
 year = {2009},
 isbn = {978-1-60558-392-1},
 location = {Dublin, Ireland},
 pages = {87--97},
 numpages = {11},
 url = {http://doi.acm.org/10.1145/1542476.1542486},
 doi = {10.1145/1542476.1542486},
 acmid = {1542486},
 publisher = {ACM},
 address = {New York, NY, USA},
 keywords = {java, program analysis, security, slicing, static analysis, taint analysis, web application},
} 

@inproceedings{static_taint_wassermann,
 author = {Wassermann, Gary and Su, Zhendong},
 title = {Static detection of cross-site scripting vulnerabilities},
 booktitle = {Proceedings of the 30th international conference on Software engineering},
 series = {ICSE '08},
 year = {2008},
 isbn = {978-1-60558-079-1},
 location = {Leipzig, Germany},
 pages = {171--180},
 numpages = {10},
 url = {http://doi.acm.org/10.1145/1368088.1368112},
 doi = {10.1145/1368088.1368112},
 acmid = {1368112},
 publisher = {ACM},
 address = {New York, NY, USA},
 keywords = {cross-site scripting, input validation, static analysis, web applications},
} 

@inproceedings{static_taint_sridharan,
 author = {Sridharan, Manu and Artzi, Shay and Pistoia, Marco and Guarnieri, Salvatore and Tripp, Omer and Berg, Ryan},
 title = {F4F: taint analysis of framework-based web applications},
 booktitle = {Proceedings of the 2011 ACM international conference on Object oriented programming systems languages and applications},
 series = {OOPSLA '11},
 year = {2011},
 isbn = {978-1-4503-0940-0},
 location = {Portland, Oregon, USA},
 pages = {1053--1068},
 numpages = {16},
 url = {http://doi.acm.org/10.1145/2048066.2048145},
 doi = {10.1145/2048066.2048145},
 acmid = {2048145},
 publisher = {ACM},
 address = {New York, NY, USA},
 keywords = {frameworks, security, taint analysis},
} 

@misc{owaspxss,
title = {Cross {S}ite {S}cripting},
howpublished = "\url{https://www.owasp.org/index.php/Cross-site_Scripting_(XSS)}"
}

@misc{taintanalysis,
title = {Taint Analysis},
howpublished = "\url{http://users.ece.cmu.edu/~dbrumley/courses/18487-f10/files/taint-analysis-overview.pdf}"
}

@misc{taintanalysiswiki,
title = {Taint Analysis},
howpublished = "\url{http://en.wikipedia.org/wiki/Taint_checking}"
}



